<record><leader>00000cas a2200000 a 4500</leader><controlfield tag="001">13193807</controlfield><controlfield tag="008">860225d18671872inudn ne      0    0eng c</controlfield><datafield ind1=" " ind2=" " tag="010"><subfield code="a">sn 86058035 </subfield></datafield><datafield ind1=" " ind2=" " tag="040"><subfield code="a">NPI</subfield><subfield code="b">eng</subfield><subfield code="c">NPI</subfield><subfield code="d">NVF</subfield><subfield code="d">CUI</subfield><subfield code="d">OCLCQ</subfield><subfield code="d">DLC</subfield><subfield code="d">OCLCF</subfield></datafield><datafield ind1=" " ind2=" " tag="042"><subfield code="a">pcc</subfield></datafield><datafield ind1=" " ind2=" " tag="043"><subfield code="a">n-us-in</subfield></datafield><datafield ind1=" " ind2="4" tag="050"><subfield code="a">AN</subfield></datafield><datafield ind1="0" ind2=" " tag="130"><subfield code="a">Terre-Haute daily express (Terre Haute, Ind. : 1867)</subfield></datafield><datafield ind1="1" ind2="4" tag="245"><subfield code="a">The Terre-Haute daily express.</subfield></datafield><datafield ind1=" " ind2=" " tag="260"><subfield code="a">Terre-Haute, Ind. :</subfield><subfield code="b">[s.n.],</subfield><subfield code="c">1867-1872.</subfield></datafield><datafield ind1=" " ind2=" " tag="310"><subfield code="a">Daily (except Sunday)</subfield></datafield><datafield ind1="0" ind2=" " tag="362"><subfield code="a">Mar. 2, 1867-June 1, 1872.</subfield></datafield><datafield ind1=" " ind2="0" tag="651"><subfield code="a">Terre Haute (Ind.)</subfield><subfield code="v">Newspapers.</subfield></datafield><datafield ind1=" " ind2="0" tag="651"><subfield code="a">Vigo County (Ind.)</subfield><subfield code="v">Newspapers.</subfield></datafield><datafield ind1=" " ind2="7" tag="655"><subfield code="a">Newspapers.</subfield><subfield code="2">fast</subfield><subfield code="0">(OCoLC)fst01423814</subfield></datafield><datafield ind1=" " ind2="7" tag="651"><subfield code="a">Indiana</subfield><subfield code="z">Terre Haute.</subfield><subfield code="2">fast</subfield><subfield code="0">(OCoLC)fst01207975</subfield></datafield><datafield ind1=" " ind2="7" tag="651"><subfield code="a">Indiana</subfield><subfield code="z">Vigo County.</subfield><subfield code="2">fast</subfield><subfield code="0">(OCoLC)fst01206381</subfield></datafield><datafield ind1=" " ind2=" " tag="752"><subfield code="a">United States</subfield><subfield code="b">Indiana</subfield><subfield code="c">Vigo</subfield><subfield code="d">Terre Haute.</subfield></datafield><datafield ind1="0" ind2=" " tag="775"><subfield code="t">Terre-Haute weekly express</subfield><subfield code="w">(DLC)sn 87055669</subfield><subfield code="w">(OCoLC)15376806</subfield></datafield><datafield ind1="0" ind2="0" tag="780"><subfield code="t">Daily Wabash express (Terre Haute, Ind. : 1857)</subfield><subfield code="x">2332-2640</subfield><subfield code="w">(DLC)sn 84038189</subfield><subfield code="w">(OCoLC)11252853</subfield></datafield><datafield ind1="0" ind2="0" tag="785"><subfield code="t">Terre Haute express (Terre Haute, Ind. : Daily)</subfield><subfield code="w">(DLC)sn 84038186</subfield><subfield code="w">(OCoLC)11254056</subfield></datafield></record>